@motionpicture{hauser2016,
  title = {Volleyball },
  author = {Max Hauser},
  publisher = {Europäische Akademie für Sport und Training},
  address = {},
  year = {2016},
  edition = {1nd},
}
